@article{B1,
  title = {{Player talkâ€”the functions of communication in multplayer role-playing games}},
  author = {Anders Drachen, Jonas Heide Smith},
  year = 2008,
}

@article{B2,
  title = {{Investigating communication and social practices in real-time strategy games: are in-game tools sufficient to support the overall gaming experience?}},
  author = {Phillip J. McClelland, Simon J. Whitmell, Stacey D. Scott},
  year = 2011,
}

@article{I6,
  title = {{The influence of cooperative game design patterns for remote play on player experience}},
  author = {Anastasiia Beznosyk, Peter Quax, Karin Coninx, Wim Lamotte},
  doi = "10.1145/2350046.2350051",
  year = 2012
}

@misc{I0,
  key = "conference",
  title = {{Game Developers Conference}},
  note = {\url{http://www.gdconf.com/}},
}

@article{I1,
  title = {{An Experimental Study of the Emergence of Human Communication Systems}},
  author = {Bruno Galantucci},
  doi = "10.1207/s15516709cog0000_34",
  journal = "Cognitive Science",
  year = 2010,
  pages = "737-767"
}

@article{I2,
  title = {{Nonverbal communication in multiplayer game worlds}},
  author = {Troy Innocent, Stewart Haines},
  year = 2007
}

@article{I3,
  title = {{The Pictograph Chat Communicator II}},
  author = {Munemori, J., Fukuda, T., Yatid, M., Itou, J.},
  doi = "10.1007/978-3-540-85567-5_22",
  year = 2008
}

@article{I4,
  title = {{Representation and Learnability in Visual Languages for Web-based Interpersonal Communication}},
  author = { Steven L. Tanimoto},
  year = 1997
}

@article{I5,
  title = {{Sketching with strangers: in the wild study of ad hoc social communication by drawing}},
  author = {Panu Akerman, Arto Puillonen, Pertti Huuskonen, Antti Virolainen, Jonna Hakkila},
  doi = "10.1145/1864349.1864390",
  year = 2010
}

@article{CG1,
 author = {J. P. Zagal, J. Rick, and I. Hsi},
 title = {Collaborative games: Lessons learned from board games},
 year = {2006}
} 

@article{CG3,
 author = {S. Bj{\"o}rk and J. Holopainen},
 title = {Patterns in Game Design},
 year = {2004},
} 

@article{CG4,
 author = {J. B. Rocha, S. Mascarenhas, and R. Prada},
 title = {Game Mechanics for Cooperative Games},
 year = 2008
} 

@article{eSFQ,
 author = {Christiane M.},
 title = {Rapid assessment of game experiences in public settings},
 doi = "10.1145/2367616.2367625",
 year = 2012
} 

@article{CPMs,
 author = {Magy Seif El-Nasr, Bardia Aghabeigi, David Milam, Mona Erfani, Beth Lameman, Hamid Maygoli, Sang Mah},
 title = {Understanding and Evaluating Cooperative Games},
 year = {2010}
} 


@misc{acrobat,
  key = "acrobat",
  title = {{Adobe Acrobat Reader 7}},
   note = {\url{http://www.adobe.com/products/acrobat/}}
}

@article{ethics,
  title = {{Social Impacts of Computing: Codes of Professional Ethics}},
  author = {Ronald E. Anderson},
  doi = "10.1177/089443939201000402",
  journal = "Social Science Computer Review December",
  year = 1992,
  volume = 10,
  number = 4,
  pages = "453-469"
}

@misc{acm_categories,
  key = "association",
  title = {{How to Classify Works Using ACM's Computing Classification System}},
  note = {\url{http://www.acm.org/class/how_to_use.html}},
},

@inproceedings{Klemmer:2002:WSC:503376.503378,
 author = {Klemmer, Scott R. and Thomsen, Michael and Phelps-Goodman, Ethan and Lee, Robert and Landay, James A.},
 title = {Where do web sites come from?: capturing and interacting with design history},
 booktitle = {Proc. CHI 2002},
 year = {2002},
 pages = {1--8},
 publisher = {ACM Press},
} 

@inproceedings{Mather:2000:MUT,
  title = {Making up titles for conference papers},
  author = {Mather, B. D.},
  booktitle = {Ext. Abstracts CHI 2000},
  year = 2000,
  publisher = "ACM Press",
  pages = "1-2",
}

@book{Schwartz:1995:GBF,
  title = {{Guidelines for Bias-Free Writing}},
  author = {Schwartz, Marilyn},
  publisher = {Indiana University Press},
  location = {Bloomington, IN, USA},
  year = 1995,
}

@inproceedings{Zellweger:2001:FAO:504216.504224,
 author = {Zellweger, Polle T. and Bouvin, Niels Olof and Jeh{\o}j, Henning and Mackinlay, Jock D.},
 title = {Fluid annotations in an open world},
 booktitle = {Proc. Hypertext 2001},
 year = {2001},
 pages = {9--18},
 publisher = {ACM Press},
} 

